@misc{Thung13,
	author = {Thung, F. and Bissyande, T.F. and Lo, D. and Lingxiao Jiang},
	booktitle={Software Maintenance and Reengineering (CSMR), 2013 17th European Conference on},
	title = {Network Structure of Social Coding in GitHub},
	year = {2013},
	howpublished = "\url{http://ieeexplore.ieee.org/xpls/abs_all.jsp?arnumber=6498480}",
}

@misc{Dabbish2012,
	author = {Dabbish, Laura and Stuart, Colleen and Tsay, Jason and Herbsleb, Jim},
	booktitle = {Proceedings of the ACM 2012 Conference on Computer Supported Cooperative Work},
	title = {Social Coding in GitHub: Transparency and Collaboration in an Open Software Repository},
	year = {2012},
	howpublished = "\url{http://doi.acm.org/10.1145/2145204.2145396}",
}

@misc{Begel2010,
	author = {Begel, Andrew and DeLine, Robert and Zimmermann, Thomas},
	booktitle = {Proceedings of the FSE/SDP Workshop on Future of Software Engineering Research},
	title = {Social Media for Software Engineering},
	year = {2010},
	howpublished = "\url{http://doi.acm.org/10.1145/1882362.1882370}",
}

@misc{Shen2011,
	author = {Shen, Cuihua and Monge, Peter},
	booktitle = {First Monday},
	title = {Who connects with whom? A social network analysis of an online open source software community},
	year = {2011},
	howpublished = "\url{http://ojs-prod-lib.cc.uic.edu/ojs/index.php/fm/article/view/3551}",
}
